@Article{	  jsv96,
  author	= {Joyal, Andr√© and Street, Ross and Verity, Dominic},
  title		= {Traced Monoidal Categories},
  journal	= {Mathematical Proceedings of the Cambridge Philosophical
		  Society},
  volume	= {119},
  issue		= {03},
  month		= {4},
  year		= {1996},
  issn		= {1469-8064},
  pages		= {447--468},
  numpages	= {22},
  doi		= {10.1017/S0305004100074338}
}

@article{bagnol15a,
  author    = {Marc Bagnol},
  title     = {Representation of Partial Traces},
  journal   = "Electronic Notes in Theoretical Computer Science",
  volume    = {319},
  pages     = {37--49},
  year      = {2015},
  doi       = {10.1016/j.entcs.2015.12.004},
}

@inproceedings{hh16,
  author    = {Hughes, Dominic J. D. and
               Heijltjes, Willem},
  title     = {Conflict nets: Efficient locally canonical {MALL} proof nets},
  booktitle = {Proceedings of {LICS}'16},
  pages     = {437--446},
  year      = {2016},
  editor    = {Martin Grohe and
               Eric Koskinen and
               Natarajan Shankar},
  publisher = {{ACM}},
}

@article{etessami97,
title = "Counting Quantifiers, Successor Relations, and Logarithmic Space",
journal = "Journal of Computer and System Sciences",
volume = "54",
number = "3",
pages = "400--411",
year = "1997",
doi = "http://dx.doi.org/10.1006/jcss.1997.1485",
author = "Etessami, Kousha",
}

@article{cp04,
title = "A language for multiplicative-additive linear logic",
author = "Cockett, J. R. B. and Pastro, Craig A. ",
journal = "Electronic Notes in Theoretical Computer Science",
volume = "122",
pages = "23--65",
year = "2005",
}

@article{barrington89,
title = "Bounded-width polynomial-size branching programs recognize exactly those languages in {NC1}",
journal = "Journal of Computer and System Sciences ",
volume = "38",
number = "1",
pages = "150--164",
year = "1989",
issn = "0022-0000",
doi = "http://dx.doi.org/10.1016/0022-0000(89)90037-8",
author = "David A. Barrington"
}

@article{csv84,
title={Constant Depth Reducibility},
author={Chandra, Ashok K. and Stockmeyer, Larry J. and Vishkin, Uzi},
journal={{SIAM} Journal on Computing},
volume={13},
number={2},
pages={423--439},
year={1984},
publisher={},
doi={10.1137/0213028}
}

@inproceedings{accattoli12,
  TITLE = {An abstract factorization theorem for explicit substitutions},
  AUTHOR = {Accattoli, Beniamino},
  BOOKTITLE = {proceedings of RTA'12},
  YEAR = {2012},
  publisher = {Schloss Dagstuhl}
}

@InProceedings{cfm16,
  Title                    = {A Theory of effects and resources: adjunction models and polarised calculi},
  Author                   = {Curien, Pierre-Louis and Fiore, Marcelo and Munch-Maccagnoni, Guillaume},
  Booktitle                = {Proceedings of POPL'16},
  Year                     = {2016},
  pages     = {44--56},
  publisher = {ACM}
}

@article{hr76,
title = "Constructing optimal binary decision trees is {NP}-complete",
journal = "Information Processing Letters",
volume = "5",
number = "1",
pages = "15--17",
year = "1976",
author = "Hyafil, Laurent and Rivest, Ronald L.",
}

@inproceedings{bagnol15,
  author    = {Bagnol, Marc},
  booktitle = {proceedings of TLCA'15},
  editor    = {Thorsten Altenkirch},
  title     = {{MALL} Proof Equivalence is Logspace-Complete, via Binary Decision
               Diagrams.},
  pages     = {60--75},
  publisher = {Schloss Dagstuhl},
  year      = 2015
}
%  booktitle = {13th International Conference on Typed Lambda Calculi and Applications},
%  isbn      = {978-3-939897-87-3},

@article{girard87,
	author={Girard, Jean-Yves},
	title={Linear logic},
	journal={Theoretical Computer Science},
	year={1987},
	volume={50},
	pages={1--101},
	publisher={Elsevier},
	doi={10.1016/0304-3975(87)90045-4}
}
%	number={1},

@article{girard96,
	author={Girard, Jean-Yves},
	title={Proof-Nets: The Parallel Syntax for Proof-Theory},
	journal={Logic and Algebra},
	series={LNPAM},
	year={1996},
	publisher={Taylor \& Francis},
	volume={180},
	pages={97--124},
	isbn={0824796063},
	editors={Aglian\`{o}, Paolo and Ursini, Aldo}
}
%	month={may},

@article{guerrini11,
	title = {A Linear Algorithm for {MLL} Proof Net Correctness and Sequentialization},
	journal = {Theoretical Computer Science (J.-Y. Girard Festschrift special issue)},
	volume = {412},
	year = {2011},
	pages = {1958-1978},
	doi = {10.1016/j.tcs.2010.12.021},
	author = {Guerrini, Stefano}
}

@inproceedings{lm08,
  author    = {Laurent, Olivier and
               Maieli, Roberto},
  title     = {Cut Elimination for Monomial {MALL} Proof Nets},
  booktitle = {proceedings of LICS'08},
  editor    = {Pfenning, Frank},
  publisher = {{IEEE} Computer Society},
  pages     = {486--497},
  year      = {2008},
}

@inproceedings{hh14,
	author = {Heijltjes, Willem and Houston, Robin},
	title = {No Proof Nets for {MLL} with Units: Proof Equivalence in {MLL} is {PSPACE}-complete},
	editor = {Henzinger, Thomas A.  and Miller, Dale},
	booktitle = {proceedings of CSL-LICS'14},
	year = {2014},
	location = {Vienna, Austria},
	pages = {1--10},
	articleno = {50},
	publisher = {ACM},
}

@article{hvg05,
	author	= {Hughes, Dominic J. D. and van Glabbeek, Rob J. },
	title	= {Proof nets for unit-free multiplicative-additive linear logic},
	journal	= {{ACM} Transactions on Computational Logic},
	volume	= {6},
	number	= {4},
	pages	= {784--842},
	year	= {2005}
}

@Article{hughes08,
     author    = "Dominic J. D. Hughes",
     title     = "{Abstract p-time proof nets for MALL: Conflict nets}",
     journal = "arXiv: math.LO/0801.2421v1",
     year      = "2008",
}

@Article{hvg15,
	author	= {Hughes, Dominic J. D. and van Glabbeek, Rob J. },
	title     = "{MALL proof nets identify proofs modulo rule commutation}",
	journal = "{available online \normalfont\url{http://boole.stanford.edu/~dominic/MALL-equiv.pdf}}, to appear",
	year      = "2015",
}
