@book{wegener00,
  author = {Wegener, Ingo},
  publisher = {SIAM Monographs on Discrete Mathematics and Applications},
  title = {Branching Programs and Binary Decision Diagrams},
  year = 2000
}

@article{sieling08,
title = "Minimization of decision trees is hard to approximate ",
journal = "Journal of Computer and System Sciences ",
volume = "74",
number = "3",
pages = "394--403",
year = "2008",
author = "Sieling, Detlef",
}



@inproceedings{mt03,
  author    = {Mairson, Harry G.  and
               Terui, Kazushige},
  title     = {On the Computational Complexity of Cut-Elimination in Linear Logic},
  pages     = {23--36},
  year      = {2003},
  editor    = {Carlo Blundo and
               Cosimo Laneve},
  title     = {Proceedings of {ICTCS}'03},
  series    = {Lecture Notes in Computer Science},
  volume    = {2841},
  publisher = {Springer},
  year      = {2003},
}

@article{mss12,
title = "Partially traced categories",
journal = "Journal of Pure and Applied Algebra",
volume = "216",
number = "12",
pages = "2563--2585",
year = "2012",
issn = "0022-4049",
author = "Octavio Malherbe and Philip J. Scott and Peter Selinger",

}
